@article{international2009estimation,
  title={Estimation of the warfarin dose with clinical and pharmacogenetic data},
  author={International Warfarin Pharmacogenetics Consortium},
  journal={New England Journal of Medicine},
  volume={360},
  number={8},
  pages={753--764},
  year={2009},
  publisher={Mass Medical Soc}
}

@inproceedings{li2010contextual,
  title={A contextual-bandit approach to personalized news article recommendation},
  author={Li, Lihong and Chu, Wei and Langford, John and Schapire, Robert E},
  booktitle={Proceedings of the 19th international conference on World wide web},
  pages={661--670},
  year={2010},
  organization={ACM}
}

@inproceedings{chu2011contextual,
  title={Contextual bandits with linear payoff functions},
  author={Chu, Wei and Li, Lihong and Reyzin, Lev and Schapire, Robert},
  booktitle={Proceedings of the Fourteenth International Conference on Artificial Intelligence and Statistics},
  pages={208--214},
  year={2011}
}